<record><leader>00000cas a22000007a 4500</leader><controlfield tag="001">12040803</controlfield><controlfield tag="008">850516d19101950pauwr ne      0    0eng d</controlfield><datafield ind1=" " ind2=" " tag="010"><subfield code="a">sn 85054568 </subfield></datafield><datafield ind1=" " ind2=" " tag="040"><subfield code="a">NPH</subfield><subfield code="b">eng</subfield><subfield code="c">NPH</subfield><subfield code="d">NPT</subfield><subfield code="d">PPM</subfield><subfield code="d">OCLCQ</subfield><subfield code="d">TXA</subfield><subfield code="d">OCLCQ</subfield><subfield code="d">CUS</subfield></datafield><datafield ind1=" " ind2=" " tag="042"><subfield code="a">msc</subfield></datafield><datafield ind1=" " ind2="4" tag="050"><subfield code="a">E185.5</subfield></datafield><datafield ind1="0" ind2=" " tag="130"><subfield code="a">Pittsburgh courier (City ed. : 1910)</subfield></datafield><datafield ind1="1" ind2="4" tag="245"><subfield code="a">The Pittsburgh courier.</subfield></datafield><datafield ind1=" " ind2=" " tag="250"><subfield code="a">[City ed.].</subfield></datafield><datafield ind1=" " ind2=" " tag="260"><subfield code="a">Pittsburgh, Pa. :</subfield><subfield code="b">Pittsburgh Courier Pub. Co.,</subfield><subfield code="c">-1950.</subfield></datafield><datafield ind1=" " ind2=" " tag="300"><subfield code="a">volumes :</subfield><subfield code="b">illustrations</subfield></datafield><datafield ind1=" " ind2=" " tag="310"><subfield code="a">Weekly</subfield></datafield><datafield ind1=" " ind2=" " tag="336"><subfield code="a">text</subfield><subfield code="b">txt</subfield><subfield code="2">rdacontent</subfield></datafield><datafield ind1=" " ind2=" " tag="337"><subfield code="a">unmediated</subfield><subfield code="b">n</subfield><subfield code="2">rdamedia</subfield></datafield><datafield ind1=" " ind2=" " tag="338"><subfield code="a">volume</subfield><subfield code="b">nc</subfield><subfield code="2">rdacarrier</subfield></datafield><datafield ind1="1" ind2=" " tag="362"><subfield code="a">Began in 1910?</subfield></datafield><datafield ind1="0" ind2=" " tag="362"><subfield code="a">-v. 41, no. 31 (Aug. 12, 1950).</subfield></datafield><datafield ind1=" " ind2=" " tag="500"><subfield code="a">Called "Local ed.", &lt;1938&gt;-1949.</subfield></datafield><datafield ind1=" " ind2=" " tag="500"><subfield code="a">Numerous editions.</subfield></datafield><datafield ind1=" " ind2=" " tag="521"><subfield code="a">"Largest Negro weekly newspaper in the world."</subfield></datafield><datafield ind1=" " ind2=" " tag="588"><subfield code="a">Description based on: Vol. 14, no. 4 (Jan. 20, 1923).</subfield></datafield><datafield ind1=" " ind2=" " tag="752"><subfield code="a">United States</subfield><subfield code="b">Pennsylvania</subfield><subfield code="c">Allegheny</subfield><subfield code="d">Pittsburgh.</subfield></datafield><datafield ind1="0" ind2="8" tag="776"><subfield code="i">Online version: Pittsburgh courier (City ed. : 1910)</subfield><subfield code="w">(DLC)  2009263252</subfield><subfield code="w">(OCoLC)426739824</subfield></datafield><datafield ind1="0" ind2="0" tag="785"><subfield code="t">Courier (Pittsburgh, Pa. : City ed.)</subfield><subfield code="w">(DLC)sn 85054570</subfield><subfield code="w">(OCoLC)12040790</subfield></datafield><datafield ind1="4" ind2="1" tag="856"><subfield code="u">http://proquest.umi.com/</subfield></datafield><datafield ind1="1" ind2=" " tag="029"><subfield code="a">AU@</subfield><subfield code="b">000023563378</subfield></datafield></record>